@online{github,
  title = {GitHub},
  url = {https://github.com/}
}

@online{IM6,
  title = {ImageMagick (legacy) – Convert, Edit, or Compose Digital Images},
  url = {https://legacy.imagemagick.org/}
}

@online{IM,
  title = {ImageMagick – Convert, Edit, or Compose Digital Images},
  url = {https://imagemagick.org/}
}

@online{AFL,
  title = {american fuzzy loop},
  url = {https://lcamtuf.coredump.cx/afl/}
}

@online{AFL_readme,
  title = {https://lcamtuf.coredump.cx/afl/README.txt},
  url = {https://lcamtuf.coredump.cx/afl/README.txt}
}

@online{AFL_guide,
  title = {https://lcamtuf.coredump.cx/afl/QuickStartGuide.txt},
  url = {https://lcamtuf.coredump.cx/afl/QuickStartGuide.txt}
}

@online{AFL_par,
  title = {AFL/parallel\_fuzzing.txt at master · google/AFL},
  url = {https://github.com/google/AFL/blob/master/docs/parallel_fuzzing.txt}
}

@online{AFL_env,
  title = {AFL/env\_variables.txt at master · google/AFL},
  url = {https://github.com/google/AFL/blob/master/docs/env_variables.txt}
}

@online{AFL_testcases,
    title = {https://lcamtuf.coredump.cx/afl/demo/},
    url = {https://lcamtuf.coredump.cx/afl/demo/}
}

@online{AFL_status,
    title = {https://lcamtuf.coredump.cx/afl/status\_screen.txt},
    url = {https://lcamtuf.coredump.cx/afl/status_screen.txt}
}

@online{AFL_tech,
    title = {https://lcamtuf.coredump.cx/afl/technical\_details.txt},
    url = {https://lcamtuf.coredump.cx/afl/technical_details.txt}
}

@online{Miller,
    title = {Prof. Barton P Miller's Home Page},
    url = {https://pages.cs.wisc.edu/~bart/}
}

@online{Valgrind,
    title = {Valgrind Home},
    url = {https://valgrind.org/}
}

@online{MC,
    title = {Valgrind},
    url = {https://valgrind.org/docs/manual/mc-manual.html}
}

@online{signals,
    title = {signal(7) — Linux manual page},
    url = {https://man7.org/linux/man-pages/man7/signal.7.html}
}

@online{MC_badrw,
    title = {Valgrind (4.2.1. Illegal read / Illegal write errors)},
    url = {https://valgrind.org/docs/manual/mc-manual.html#mc-manual.badrw}
}

@online{MC_uninitvals,
    title = {Valgrind (4.2.2. Use of uninitialised values)},
    url = {https://valgrind.org/docs/manual/mc-manual.html#mc-manual.uninitvals}
}

@online{MC_bad-syscalls-args,
    title = {Valgrind (4.2.3. Use of uninitialised or unaddressable values in system calls)},
    url = {https://valgrind.org/docs/manual/mc-manual.html#mc-manual.bad-syscalls-args}
}

@online{MC_badfrees,
    title = {Valgrind (4.2.4. Illegal frees)},
    url = {https://valgrind.org/docs/manual/mc-manual.html#mc-manual.badfrees}
}

@online{MC_rudefn,
    title = {Valgrind (4.2.5. When a heap block is freed with an inappropriate deallocation function)},
    url = {https://valgrind.org/docs/manual/mc-manual.html#mc-manual.rudefn}
}

@online{MC_overlap,
    title = {Valgrind (4.2.6. Overlapping source and destination blocks)},
    url = {https://valgrind.org/docs/manual/mc-manual.html#mc-manual.overlap}
}

@online{MC_fishyvalue,
    title = {Valgrind (4.2.7. Fishy argument values)},
    url = {https://valgrind.org/docs/manual/mc-manual.html#mc-manual.fishyvalue}
}

@online{MC_leaks,
    title = {Valgrind (4.2.8. Memory leak detection)},
    url = {https://valgrind.org/docs/manual/mc-manual.html#mc-manual.leaks}
}

@online{IM_CVE1,
    title = {SEGV in 64-bit and 32-bit platforms 07c8accc - Legacy ImageMagick Discussions Archive},
    url = {https://www.imagemagick.org/discourse-server/viewtopic.php?f=3&t=26456}
}

@online{IM_CVE2,
    title = {SIGABRT convert - IM 6.9.0-1 - 36b70be2 - Legacy ImageMagick Discussions Archive},
    url = {https://www.imagemagick.org/discourse-server/viewtopic.php?f=3&t=26682}
}

@online{IM_CVE3,
    title = {SIGABRT - 6.9.0-1 convert - coders/rle.c:540 - (5c825062) - Legacy ImageMagick Discussions Archive},
    url = {https://www.imagemagick.org/discourse-server/viewtopic.php?f=3&t=26699}
}

@online{IM_CVE4,
    title = {convert - IM 6.9.0-1 Beta - cb1f4fa5 - SIGABRT - coders/rle.c:582 - Legacy ImageMagick Discussions Archive},
    url = {https://www.imagemagick.org/discourse-server/viewtopic.php?f=3&t=26733}
}

@online{IM_CVE5,
    title = {lt-convert - IM 6.9.0-1 - SIGABRT - 39b80955 - coders/rle.c:538 - Legacy ImageMagick Discussions Archive},
    url = {https://www.imagemagick.org/discourse-server/viewtopic.php?f=3&t=26742}
}

@online{IM_CVE6,
    title = {SIGABRT - lt-convert - IM6 SVN - coders/viff.c:620 - dad2f0d6 - Legacy ImageMagick Discussions Archive},
    url = {https://www.imagemagick.org/discourse-server/viewtopic.php?f=3&t=26816}
}

@online{IM_CVE7,
    title = {SIGABRT - lt-convert - IM6 SVN - coders/sun.c:477 - 68e4a715 - Legacy ImageMagick Discussions Archive},
    url = {https://www.imagemagick.org/discourse-server/viewtopic.php?f=3&t=26838}
}

@online{IM_CVE8,
    title = {SIGABRT - lt-convert - IM6 SVN - coders/sun.c:477 - 4a1d6a6d - Legacy ImageMagick Discussions Archive},
    url = {https://www.imagemagick.org/discourse-server/viewtopic.php?f=3&t=26857}
}

@online{IM_CVE10,
    title = {Various invalid memory accesses in ImageMagick (WPG, DDS, DCM) | The Fuzzing Project},
    url = {https://blog.fuzzing-project.org/46-Various-invalid-memory-accesses-in-ImageMagick-WPG,-DDS,-DCM.html}
}
